<record><leader>00000cas a22000007a 4500</leader><controlfield tag="001">17278092</controlfield><controlfield tag="008">871222d19661968ohudn ne      0    0eng d</controlfield><datafield ind1=" " ind2=" " tag="010"><subfield code="a">sn 87076988 </subfield></datafield><datafield ind1=" " ind2=" " tag="040"><subfield code="a">ONP</subfield><subfield code="b">eng</subfield><subfield code="c">ONP</subfield><subfield code="d">OCLCQ</subfield></datafield><datafield ind1=" " ind2=" " tag="042"><subfield code="a">msc</subfield></datafield><datafield ind1="0" ind2="0" tag="245"><subfield code="a">Greenville advocate.</subfield></datafield><datafield ind1=" " ind2=" " tag="260"><subfield code="a">Greenville, Ohio :</subfield><subfield code="b">Duane A. Rasmussen,</subfield><subfield code="c">1966-1968.</subfield></datafield><datafield ind1=" " ind2=" " tag="310"><subfield code="a">Daily (except Sun.)</subfield></datafield><datafield ind1="0" ind2=" " tag="362"><subfield code="a">Vol. 82, no. 254 (Mar. 1, 1966)-v. 85, no. 149 (Oct. 24, 1968).</subfield></datafield><datafield ind1=" " ind2=" " tag="752"><subfield code="a">United States</subfield><subfield code="b">Ohio</subfield><subfield code="c">Darke</subfield><subfield code="d">Greenville.</subfield></datafield><datafield ind1="0" ind2="0" tag="780"><subfield code="t">Greenville daily advocate (Greenville, Ohio : 1909)</subfield><subfield code="w">(DLC)sn 87076987</subfield></datafield><datafield ind1="0" ind2="0" tag="785"><subfield code="t">Greenville daily advocate (Greenville, Ohio : 1968)</subfield><subfield code="w">(DLC)sn 87076989</subfield></datafield></record>